% Bibliography of the third paper



