% Bibliography of the second paper



