% Bibliography of the first paper


@article{krugman2010theory,
  title={The theory of interstellar trade},
  author={Krugman, Paul},
  journal={Economic Inquiry},
  volume={48},
  number={4},
  pages={1119--1123},
  year={2010},
  publisher={Wiley Online Library}
}



@article{woessmann2016importance,
  title={The importance of school systems: Evidence from international differences in student achievement},
  author={Woessmann, Ludger},
  journal={Journal of Economic Perspectives},
  volume={30},
  number={3},
  pages={3--32},
  year={2016}
}



