% Bibliography of the preamble


% 1st reference
@article{borjas1991immigration,
  title={Immigration and the Family},
  author={Borjas, George J and Bronars, Stephen G},
  journal={Journal of Labor Economics},
  volume={9},
  number={2},
  pages={123--148},
  year={1991},
  publisher={University of Chicago Press}
}


% 2nd reference (not quoted in the preamble)
@book{bourdieu2016distinction,
  title={La distinction: critique sociale du jugement},
  author={Bourdieu, Pierre},
  year={2016},
  publisher={Minuit}
}
